@online{iee754,
	author = {H. Schmidt},
	title = {Calculadora IEE754},
	date = {2015},
	howpublished = "\url{http://www.h-schmidt.net/FloatConverter/IEEE754.html}",
	url = {http://www.h-schmidt.net/FloatConverter/IEEE754.html},
}

@online{bocanary,
	author = {Wikipedia},
	title = {Canario},
	date = {2016},
	howpublished = "\url{https://en.wikipedia.org/wiki/Canary_value#Canaries}",
	url = {https://en.wikipedia.org/wiki/Canary_value#Canaries},
}

@online{ASLR,
	author = {Wikipedia},
	title = {Adress space layout randomization},
	date = {2016},
	howpublished = "\url{https://en.wikipedia.org/wiki/Address_space_layout_randomization}",
	url = {https://en.wikipedia.org/wiki/Address_space_layout_randomization},
}
