@online{metasploitable,
	author = {Rapid7},
	title = {Metasploitable},
	date = {anterior a 2016},
	howpublished = "\url{https://information.rapid7.com/metasploitable-download.html}",
	url = {https://information.rapid7.com/metasploitable-download.html},
}

@online{metasploit,
	author = {Open Source Community},
	title = {Metasploit},
	date = {2016},
	howpublished = "\url{https://www.metasploit.com/}",
	url = {https://www.metasploit.com/},
}

@online{rapid7-userscriptsamba,
	author = {Rapid7},
	title = {Samba User Script map},
	date = {2007},
	howpublished = "\url{https://www.rapid7.com/db/modules/exploit/multi/samba/usermap_script}",
	url = {https://www.rapid7.com/db/modules/exploit/multi/samba/usermap_script},
}